MOVIMIENTOS DE LA CUENTA

Cuenta:	0182-1265-42-0201557169
Criterio:	Por fecha de operación

FECHA OPERACIÓN	FECHA VALOR	CONCEPTO	IMPORTE EUROS	Saldo	MONEDA
04-11-2013		SALDO INICIAL:	5.871,11
04-11-2013	04-11-2013	PAGO CON TARJETA EN GASOLINERAS	-70,00	5.801,11	euros
		5529310000613251 ESTACION SER
04-11-2013	02-11-2013	LIQUIDACION REMESA DE COMERCIOS	62,31	5.863,42	euros
		COMERC 002930105
05-11-2013	05-11-2013	DISPOSICION DE EFECTIVO EN CAJA	-3.000,00	2.863,42	euros
		OF.1265
05-11-2013	01-11-2013	PAGO CON TARJETA EN GASOLINERAS	-62,72	2.800,70	euros
		5529310000613251 ES BALDOME
06-11-2013	06-11-2013	TRANSFERENCIAS	6.000,00	8.800,70	euros
		AL BBVA
06-11-2013	06-11-2013	DISPOSICION DE EFECTIVO EN CAJA	-5.000,00	3.800,70	euros
		OF.1265
06-11-2013	06-11-2013	PAGO CON TARJETA EN DEPORTES Y JUGUETES	-69,89	3.730,81	euros
		5529310000613251 DECATHLON SA
06-11-2013	07-11-2013	LIQUIDACION REMESA DE COMERCIOS	154,28	3.885,09	euros
		COMERC 002930105
07-11-2013	06-11-2013	TALON	-426,61	3.458,48	euros
		CHEQUE N. 1263531
08-11-2013	08-11-2013	PAGO CON TARJETA EN GASOLINERAS	-55,00	3.403,48	euros
		5529310000613251 E.S. LA VEGA
08-11-2013	09-11-2013	LIQUIDACION REMESA DE COMERCIOS	147,36	3.550,84	euros
		COMERC 002930105
11-11-2013	10-11-2013	LIQUIDACION REMESA DE COMERCIOS	207,69	3.758,53	euros
		COMERC 002930105
12-11-2013	13-11-2013	LIQUIDACION REMESA DE COMERCIOS	72,20	3.830,73	euros
		COMERC 002930105
13-11-2013	12-11-2013	PAGO CON TARJETA EN TRANSPORTE Y ALQUILER DE VEHICULOS	-72,40	3.758,33	euros
		5529310000613251 RENFE 001
13-11-2013	12-11-2013	PAGO CON TARJETA EN TRANSPORTE Y ALQUILER DE VEHICULOS	-54,30	3.704,03	euros
		5529310000613251 RENFE 001
13-11-2013	14-11-2013	LIQUIDACION REMESA DE COMERCIOS	56,37	3.760,40	euros
		COMERC 002930105
14-11-2013	14-11-2013	LIQUIDACION REMESA DE COMERCIOS	587,47	4.347,87	euros
		COMERC 002930105
15-11-2013	15-11-2013	PAGO CON TARJETA EN MEDICINA,FARMACIA Y SANIDAD	-190,00	4.157,87	euros
		5529310000613251 CLINICA DRA.
15-11-2013	16-11-2013	LIQUIDACION REMESA DE COMERCIOS	780,32	4.938,19	euros
		COMERC 002930105
18-11-2013	16-11-2013	PAGO CON TARJETA EN HOGAR, MUEBLES, DECORACION Y ELECTR	-67,37	4.870,82	euros
		5529310000613251 JARDIDEA
18-11-2013	17-11-2013	LIQUIDACION REMESA DE COMERCIOS	247,25	5.118,07	euros
		COMERC 002930105
18-11-2013	18-11-2013	LIQUIDACION REMESA DE COMERCIOS	59,34	5.177,41	euros
		COMERC 002930105
19-11-2013	18-11-2013	LIQUIDACION REMESAS DE TARJETAS DE CREDITO	-10,00	5.167,41	euros
		DTO. MENSUAL TPV: 002930105
20-11-2013	20-11-2013	PAGO CON TARJETA EN HOGAR, MUEBLES, DECORACION Y ELECTR	-27,36	5.140,05	euros
		5529310000613251 ENMARCAR T
20-11-2013	21-11-2013	LIQUIDACION REMESA DE COMERCIOS	25,71	5.165,76	euros
		COMERC 002930105
21-11-2013	22-11-2013	LIQUIDACION REMESA DE COMERCIOS	89,01	5.254,77	euros
		COMERC 002930105
22-11-2013	23-11-2013	LIQUIDACION REMESA DE COMERCIOS	221,54	5.476,31	euros
		COMERC 002930105
25-11-2013	24-11-2013	LIQUIDACION REMESA DE COMERCIOS	140,44	5.616,75	euros
		COMERC 002930105
26-11-2013	26-11-2013	TRANSFERENCIAS	6.000,00	11.616,75	euros
		AL BBVA
26-11-2013	27-11-2013	LIQUIDACION REMESA DE COMERCIOS	448,02	12.064,77	euros
		COMERC 002930105
27-11-2013	27-11-2013	PAGO CON TARJETA EN GASOLINERAS	-60,14	12.004,63	euros
		5529310000613251 CEDIPSA 1926
27-11-2013	28-11-2013	LIQUIDACION REMESA DE COMERCIOS	103,84	12.108,47	euros
		COMERC 002930105
28-11-2013	29-11-2013	LIQUIDACION REMESA DE COMERCIOS	275,93	12.384,40	euros
		COMERC 002930105
28-11-2013		RESULTADO	12.384,40
