MOVIMIENTOS DE LA CUENTA

Cuenta:	0182-1265-42-0201557169
Criterio:	Por fecha de operación

FECHA OPERACIÓN	FECHA VALOR	CONCEPTO	IMPORTE EUROS	Saldo	MONEDA
02-12-2013		SALDO INICIAL:	12.384,40
02-12-2013	30-11-2013	PAGO CON TARJETA EN HOGAR, MUEBLES, DECORACION Y ELECTR	-171,98	12.212,42	euros
		5529310000613251 IKEA SAN
02-12-2013	30-11-2013	PAGO CON TARJETA EN SUPERMERCADOS	-18,99	12.193,43	euros
		5529310000613251 HIPERCOR
02-12-2013	02-12-2013	ADEUDO A SU CARGO	-32,97	12.160,46	euros
		NIF:B83463265-002 INNOVA T
02-12-2013	02-12-2013	ABONO DE NOMINA POR TRANSFERENCIA	-1.980,67	10.179,79	euros
		NOMINA MES EN CURSO
02-12-2013	01-12-2013	LIQUIDACION REMESA DE COMERCIOS	2.112,50	12.292,29	euros
		COMERC 002930105
03-12-2013	03-12-2013	DISPOSICION DE EFECTIVO EN CAJA	-3.000,00	9.292,29	euros
		OF.1265
03-12-2013	04-12-2013	LIQUIDACION REMESA DE COMERCIOS	3.857,10	13.149,39	euros
		COMERC 002930105
04-12-2013	05-12-2013	LIQUIDACION REMESA DE COMERCIOS	105,82	13.255,21	euros
		COMERC 002930105
05-12-2013	06-12-2013	LIQUIDACION REMESA DE COMERCIOS	86,04	13.341,25	euros
		COMERC 002930105
09-12-2013	09-12-2013	LIQUIDACION REMESA DE COMERCIOS	118,68	13.459,93	euros
		COMERC 002930105
10-12-2013	10-12-2013	PAGO CON TARJETA EN MEDICINA,FARMACIA Y SANIDAD	-250,00	13.209,93	euros
		5529310000613251 CLINICA D
10-12-2013	11-12-2013	LIQUIDACION REMESA DE COMERCIOS	237,36	13.447,29	euros
		COMERC 002930105
11-12-2013	10-12-2013	TALON	-426,61	13.020,68	euros
		CHEQUE N. 1263532
11-12-2013	11-12-2013	PAGO CON TARJETA EN MODA, CALZADO Y COMPLEMENTOS	-145,00	12.875,68	euros
		5529310000613251 CAMPER
11-12-2013	12-12-2013	LIQUIDACION REMESA DE COMERCIOS	284,83	13.160,51	euros
		COMERC 002930105
12-12-2013	13-12-2013	LIQUIDACION REMESA DE COMERCIOS	79,12	13.239,63	euros
		COMERC 002930105
13-12-2013	14-12-2013	LIQUIDACION REMESA DE COMERCIOS	185,93	13.425,56	euros
		COMERC 002930105
16-12-2013	15-12-2013	LIQUIDACION REMESA DE COMERCIOS	54,39	13.479,95	euros
		COMERC 002930105
17-12-2013	18-12-2013	LIQUIDACION REMESA DE COMERCIOS	270,99	13.750,94	euros
		COMERC 002930105
18-12-2013	19-12-2013	LIQUIDACION REMESA DE COMERCIOS	3.165,79	16.916,73	euros
		COMERC 002930105
19-12-2013	18-12-2013	LIQUIDACION REMESAS DE TARJETAS DE CREDITO	-10,00	16.906,73	euros
		CUOTA BONO        - 002930
19-12-2013	20-12-2013	LIQUIDACION REMESA DE COMERCIOS	185,83	17.092,56	euros
		COMERC 002930105
20-12-2013	20-12-2013	ADEUDO A SU CARGO	-31,24	17.061,32	euros
		NIF:B83463265-002 INNOVA T
20-12-2013	21-12-2013	LIQUIDACION REMESA DE COMERCIOS	4.110,28	21.171,60	euros
		COMERC 002930105
23-12-2013	22-12-2013	LIQUIDACION REMESA DE COMERCIOS	736,51	21.908,11	euros
		COMERC 002930105
23-12-2013	23-12-2013	LIQUIDACION REMESA DE COMERCIOS	452,96	22.361,07	euros
		COMERC 002930105
24-12-2013	25-12-2013	LIQUIDACION REMESA DE COMERCIOS	515,27	22.876,34	euros
		COMERC 002930105
24-12-2013	22-12-2013	PAGO CON TARJETA EN GASOLINERAS	-58,80	22.817,54	euros
		5529310000613251 LOPEZ HNO
26-12-2013	26-12-2013	LIQUIDACION REMESA DE COMERCIOS	171,10	22.988,64	euros
		COMERC 002930105
26-12-2013	26-12-2013	LIQUIDACION REMESA DE COMERCIOS	79,12	23.067,76	euros
		COMERC 002930105
27-12-2013	28-12-2013	LIQUIDACION REMESA DE COMERCIOS	377,80	23.445,56	euros
		COMERC 002930105
30-12-2013	29-12-2013	PAGO CON TARJETA EN SUPERMERCADOS	-45,47	23.400,09	euros
		5529310000613251 HIPERCOR
30-12-2013	29-12-2013	LIQUIDACION REMESA DE COMERCIOS	314,50	23.714,59	euros
		COMERC 002930105
30-12-2013	30-12-2013	LIQUIDACION REMESA DE COMERCIOS	169,02	23.883,61	euros
		COMERC 002930105
31-12-2013	31-12-2013	ABONO DE NOMINA POR TRANSFERENCIA	-1.980,67	21.902,94	euros
		NOMINA MES EN CURSO
31-12-2013	01-01-2014	LIQUIDACION REMESA DE COMERCIOS	766,47	22.669,41	euros
		COMERC 002930105
31-12-2013		RESULTADO	22.669,41
